@book{liu2012book,
  title={物理学中的非线性方程},
  author={刘式适 and 刘式达},
  address={北京},
  publisher={北京大学出版社},
  year={2012}
}

@article{xing2001wuli,
  title={物理熵,信息熵及其演化方程},
  author={邢修三},
  journal={中国科学(A辑)},
  year={2001},
  pages={77--84},
  number={1}
}

@article{jia2011ni,
  title={泥岩渗流-应力耦合蠕变损伤模型研究 (Ⅰ): 理论模型},
  author={贾善坡 and 陈卫忠 and 于洪丹 and 李香玲},
  journal={岩土力学},
  volume={32},
  number={9},
  pages={2596--2602},
  year={2011}
}

@article{guo1991guang,
  title={包含高阶摄动项的光学孤子演化方程的严格推导},
  author={郭旗 and 周国生 and 林为千},
  journal={中国科学(A辑)},
  volume={1},
  pages={200--209},
  year={1991}
}

@article{matsuno1993unified,
  title={A unified theory of nonlinear wave propagation in two-layer fluid systems},
  author={Matsuno, Yoshimasa},
  journal={Journal of the Physical Society of Japan},
  volume={62},
  number={6},
  pages={1902--1916},
  year={1993},
  publisher={The Physical Society of Japan}
}

@article{hirota1971exact,
  title={Exact solution of the Korteweg--de Vries equation for multiple collisions of solitons},
  author={Hirota, Ryogo},
  journal={Physical Review Letters},
  volume={27},
  number={18},
  pages={1192--1194},
  year={1971},
  publisher={APS}
}

@inproceedings{kadomtsev1970stability,
  author={Kadomtsev, Boris Borisovich and Petviashvili, Vladimir Iosifovich},
  title={On the stability of solitary waves in weakly dispersing media},
  booktitle={Soviet Physics—Doklady},
  year={1970},
  volume={15},
  number={6},
  pages={539--541},
}

@article{date1981operator,
  title={Operator Approach to the Kadomtsev-Petviashvili Equation--Transformation Groups for Soliton Equations III},
  author={Date, Etsuro and Jimbo, Michio and Kashiwara, Masaki and Miwa, Tetsuji},
  journal={Journal of the Physical Society of Japan},
  volume={50},
  number={11},
  pages={3806--3812},
  year={1981},
  publisher={The Physical Society of Japan}
}

@article{wazwaz2008multiple,
  title={Multiple-soliton solutions for the Calogero--Bogoyavlenskii--Schiff, Jimbo--Miwa and YTSF equations},
  author={Wazwaz, Abdul Majid},
  journal={Applied Mathematics and Computation},
  volume={203},
  number={2},
  pages={592--597},
  year={2008},
  publisher={Elsevier}
}

@article{chen2018lump,
  title={Lump solutions of a generalized Calogero--Bogoyavlenskii--Schiff equation},
  author={Chen, Shou Ting and Ma, Wen Xiu},
  journal={Computers \& Mathematics with Applications},
  volume={76},
  number={7},
  pages={1680--1685},
  year={2018},
  publisher={Elsevier}
}

@article{salas2008some,
  title={Some solutions for a type of generalized Sawada--Kotera equation},
  author={Salas, Alvaro},
  journal={Applied Mathematics and Computation},
  volume={196},
  number={2},
  pages={812--817},
  year={2008},
  publisher={Elsevier}
}

@article{cheng2015multiple,
  title={Multiple wave solutions and auto-B{\"a}cklund transformation for the (3+1)-dimensional generalized B-type Kadomtsev--Petviashvili equation},
  author={Cheng, Li and Zhang, Yi},
  journal={Computers \& Mathematics with Applications},
  volume={70},
  number={5},
  pages={765--775},
  year={2015},
  publisher={Elsevier}
}

@article{wazwaz20102,
  title={The (2+1) and (3+1)-dimensional CBS equations: multiple soliton solutions and multiple singular soliton solutions},
  author={Wazwaz, Abdul Majid},
  journal={Zeitschrift f{\"u}r Naturforschung A},
  volume={65},
  number={3},
  pages={173--181},
  year={2010},
  publisher={Verlag der Zeitschrift f{\"u}r Naturforschung}
}

@article{ma2012solving,
  title={Solving the (3+1)-dimensional generalized KP and BKP equations by the multiple exp-function algorithm},
  author={Ma, Wen Xiu and Zhu, Zuo Nong},
  journal={Applied Mathematics and Computation},
  volume={218},
  number={24},
  pages={11871--11879},
  year={2012},
  publisher={Elsevier}
}

@article{zhang2018m,
  title={M-lump solutions to a (3+1)-dimensional nonlinear evolution equation},
  author={Zhang, Yan and Liu, Yin Ping and Tang, Xiao Yan},
  journal={Computers \& Mathematics with Applications},
  volume={76},
  number={3},
  pages={592-601},
  year={2018},
  publisher={Elsevier}
}

@article{zhangYTSF,
  title={M-lump and interactive solutions to a (3+1)-dimensional nonlinear system},
  journal={Nonlinear Dynamics},
  volume={93},
  number={4},
  pages={2533-2541},
  year={2018},
  author={Zhang, Yan and Liu, Yin Ping and Tang, Xiao Yan}
}

@article{fokas2006integrable,
  title={Integrable nonlinear evolution partial differential equations in 4+2 and 3+1 dimensions},
  author={Fokas, A S},
  journal={Physical Review Letters},
  volume={96},
  number={19},
  pages={190201},
  year={2006},
  publisher={APS}
}

@article{kawata1978inverse,
  title={Inverse scattering method for the nonlinear evolution equations under nonvanishing conditions},
  author={Kawata, Tutomu and Inoue, Hiroshi},
  journal={Journal of the Physical Society of Japan},
  volume={44},
  number={5},
  pages={1722--1729},
  year={1978},
  publisher={The Physical Society of Japan}
}

@Book{matveev1991darboux,
  title={Darboux transformations and solitons},
  publisher={Springer-Verlag},
  year={1991},
  author={Matveev, Vladimir B},
  address={Germany},
}

@article{wahlquist1973backlund,
  title={B{\"a}cklund transformation for solutions of the Korteweg-de Vries equation},
  author={Wahlquist, Hugo D and Estabrook, Frank B},
  journal={Physical Review Letters},
  volume={31},
  number={23},
  pages={1386--1390},
  year={1973},
  publisher={APS}
}

@article{zhibin1993travelling,
  title={Travelling wave solutions to the two-dimensional KdV-Burgers equation},
  author={Li, Zhi Bin and Wang, Ming Liang},
  journal={Journal of Physics A: Mathematical and General},
  volume={26},
  number={21},
  pages={6027--6031},
  year={1993},
  publisher={IOP Publishing}
}

@article{hereman1986exact,
  title={Exact solitary wave solutions of nonlinear evolution and wave equations using a direct algebraic method},
  author={Hereman, Willy and Banerjee, Partha P and Korpel, Adrianus and Assanto, Gaetano and Van Immerzeele, A and Meerpoel, A},
  journal={Journal of Physics A: Mathematical and General},
  volume={19},
  number={5},
  pages={607--628},
  year={1986},
  publisher={IOP Publishing}
}

@article{malfliet1992solitary,
  title={Solitary wave solutions of nonlinear wave equations},
  author={Malfliet, Willy},
  journal={American Journal of Physics},
  volume={60},
  number={7},
  pages={650--654},
  year={1992},
  publisher={AAPT}
}

@article{liu2001jacobi,
  title={Jacobi elliptic function expansion method and periodic wave solutions of nonlinear wave equations},
  author={Liu, Shi Kuo and Fu, Zun Tao and Liu, Shi Da and Zhao, Qiang},
  journal={Physics Letters A},
  volume={289},
  number={1-2},
  pages={69--74},
  year={2001},
  publisher={Elsevier}
}

@article{tajiri1989breather,
  title={On breather solutions to the Boussinesq equation},
  author={Tajiri, Masayoshi and Murakami, Youichi},
  journal={Journal of the Physical Society of Japan},
  volume={58},
  number={10},
  pages={3585--3590},
  year={1989},
  publisher={The Physical Society of Japan}
}

@article{satsuma1979two,
  title={Two-dimensional lumps in nonlinear dispersive systems},
  author={Satsuma, J and Ablowitz, Mark J},
  journal={Journal of Mathematical Physics},
  volume={20},
  number={7},
  pages={1496--1503},
  year={1979},
  publisher={AIP}
}

@article{guo2011rogue,
  title={Rogue wave, breathers and bright-dark-rogue solutions for the coupled Schr{\"o}dinger equations},
  author={Guo, Bo Ling and Ling, Li Ming},
  journal={Chinese Physics Letters},
  volume={28},
  number={11},
  pages={110202},
  year={2011}
}

@article{wang1995solitary,
  title={Solitary wave solutions for variant Boussinesq equations},
  author={Wang, Ming Liang},
  journal={Physics letters A},
  volume={199},
  number={3-4},
  pages={169--172},
  year={1995},
  publisher={Elsevier}
}

@article{wang1996application,
	title={Application of a homogeneous balance method to exact solutions of nonlinear equations in mathematical physics},
	author={Wang, Ming Liang and Zhou, Yu Bin and Li, Zhi Bin},
	journal={Physics Letters A},
	volume={216},
	number={1--5},
	pages={67--75},
	year={1996},
	publisher={Elsevier}
}

@article{hbm1998,
  title={非线性孤子方程的齐次平衡法},
  author={范恩贵 and 张鸿庆},
  journal={物理学报},
  volume={47},
  number={3},
  pages={353--362},
  year={1998}
}

@article{senthilvelan2001extended,
  title={On the extended applications of homogenous balance method},
  author={Senthilvelan, M},
  journal={Applied Mathematics and Computation},
  volume={123},
  number={3},
  pages={381--388},
  year={2001},
  publisher={Elsevier}
}

@article{zhao2002new,
  title={A new note on a homogeneous balance method},
  author={Zhao, Xi Qiang and Tang, Deng Bin},
  journal={Physics Letters A},
  volume={297},
  number={1-2},
  pages={59--67},
  year={2002},
  publisher={Elsevier}
}

@article{rady2010homogeneous,
  title={The homogeneous balance method and its application to the Benjamin--Bona--Mahoney (BBM) equation},
  author={Rady, A S Abdel and Osman, E S and Khalfallah, Mohammed},
  journal={Applied Mathematics and Computation},
  volume={217},
  number={4},
  pages={1385--1390},
  year={2010},
  publisher={Elsevier}
}

@article{nguyen2015modified,
  title={Modified homogeneous balance method: Applications and new solutions},
  author={Nguyen, Lu Trong Khiem},
  journal={Chaos, Solitons \& Fractals},
  volume={73},
  pages={148--155},
  year={2015},
  publisher={Elsevier}
}

@article{huang1989exact,
  title={Exact and explicit solitary wave solutions to a model equation for water waves},
  author={Huang, Guo Xiang and Lou, Sen Yue and Dai, Xian xi},
  journal={Physics Letters A},
  volume={139},
  number={8},
  pages={373--374},
  year={1989},
  publisher={Elsevier}
}

@article{parkes1996automated,
  title={An automated tanh-function method for finding solitary wave solutions to non-linear evolution equations},
  author={Parkes, E J and Duffy, B R},
  journal={Computer Physics Communications},
  volume={98},
  number={3},
  pages={288--300},
  year={1996},
  publisher={Elsevier}
}

@masterthesis{liu2001master,
  title={基于吴方法的孤波自动求解软件包及其应用},
  author={柳银萍},
  school={华东师范大学},
  year={2001},
  address={上海}
}

@article{li2002rath,
  title={RATH: A Maple package for finding travelling solitary wave solutions to nonlinear evolution equations},
  author={Li, Zhi Bin and Liu, Yin Ping},
  journal={Computer Physics Communications},
  volume={148},
  number={2},
  pages={256--266},
  year={2002},
  publisher={Elsevier}
}

@article{wazwaz2004tanh,
  title={The tanh method for traveling wave solutions of nonlinear equations},
  author={Wazwaz, Abdul Majid},
  journal={Applied Mathematics and Computation},
  volume={154},
  number={3},
  pages={713--723},
  year={2004},
  publisher={Elsevier}
}

@article{abdou2007extended,
  title={The extended tanh method and its applications for solving nonlinear physical models},
  author={Abdou, M A},
  journal={Applied Mathematics and Computation},
  volume={190},
  number={1},
  pages={988--996},
  year={2007},
  publisher={Elsevier}
}

@article{fan2000extended,
  title={Extended tanh-function method and its applications to nonlinear equations},
  author={Fan, En Gui},
  journal={Physics Letters A},
  volume={277},
  number={4-5},
  pages={212--218},
  year={2000},
  publisher={Elsevier}
}

@article{lu2003further,
  title={On a further extended tanh method},
  author={L{\"u}, Zhuo sheng and Zhang, Hong qing},
  journal={Physics Letters A},
  volume={307},
  number={5-6},
  pages={269--273},
  year={2003},
  publisher={Elsevier}
}

@article{zheng2003generalized,
  title={Generalized extended tanh-function method and its application to (1+1)-dimensional dispersive long wave equation},
  author={Zheng, Xue Dong and Chen, Yong and Zhang, Hai Qiang},
  journal={Physics Letters A},
  volume={311},
  number={2-3},
  pages={145--157},
  year={2003},
  publisher={Elsevier}
}

@article{yan2001new,
  title={New explicit travelling wave solutions for two new integrable coupled nonlinear evolution equations},
  author={Yan, Zhen Ya},
  journal={Physics Letters A},
  volume={292},
  number={1-2},
  pages={100--106},
  year={2001},
  publisher={Elsevier}
}

@Article{yin2002automated,
  author={Liu, Yin Ping and Li, Zhi Bin},
  title={An automated Jacobi elliptic function method for finding periodic wave solutions to nonlinear evolution equations},
  journal={Chinese Physics Letters},
  year={2002},
  volume={19},
  number={9},
  pages={1228--1230},
  publisher={IOP Publishing},
}

@article{li2004raeem,
	title={RAEEM: A Maple package for finding a series of exact traveling wave solutions for nonlinear evolution equations},
	author={Li, Zhi Bin and Liu, Yin Ping},
	journal={Computer Physics Communications},
	volume={163},
	number={3},
	pages={191--201},
	year={2004},
	publisher={Elsevier}
}

@article{zhou2003periodic,
  title={Periodic wave solutions to a coupled KdV equations with variable coefficients},
  author={Zhou, Yu Bin and Wang, Ming Liang and Wang, Yue Ming},
  journal={Physics Letters A},
  volume={308},
  number={1},
  pages={31--36},
  year={2003},
  publisher={Elsevier}
}

@article{fan2002applications,
  title={Applications of the Jacobi elliptic function method to special-type nonlinear equations},
  author={Fan, En Gui and Zhang, Jian},
  journal={Physics Letters A},
  volume={305},
  number={6},
  pages={383--392},
  year={2002},
  publisher={Elsevier}
}

@article{jia2004general,
  title={General Jacobian elliptic function expansion method and its applications},
  author={Zhu, Jia Min and Ma, Zheng Yi and Fang, Jian Ping and Zheng, Chun Long and Zhang, Jie Fang},
  journal={Chinese Physics},
  volume={13},
  number={6},
  pages={798--804},
  year={2004},
  publisher={IOP Publishing}
}

@article{chao2005symbolic,
  title={Symbolic computation of extended Jacobian elliptic function algorithm for nonlinear differential-different equations},
  author={Dai, Chao Qing and Meng, Jian Ping and Zhang, Jie Fang},
  journal={Communications in Theoretical Physics},
  volume={43},
  number={3},
  pages={471--478},
  year={2005},
  publisher={IOP Publishing}
}

@article{chen2003improved,
  title={Improved Jacobin elliptic function method and its applications},
  author={Chen, Huai Tang and Zhang, Hai Qiang},
  journal={Chaos, Solitons \& Fractals},
  volume={15},
  number={3},
  pages={585--591},
  year={2003},
  publisher={Elsevier}
}

@article{yu2005extended,
  title={The extended Jacobi elliptic function method to solve a generalized Hirota--Satsuma coupled KdV equations},
  author={Yu, Ya Xuan and Wang, Qi and Zhang, Hong qing},
  journal={Chaos, Solitons \& Fractals},
  volume={26},
  number={5},
  pages={1415--1421},
  year={2005},
  publisher={Elsevier}
}

@article{gui2005applications,
  title={Applications of Jacobi elliptic function expansion method for nonlinear differential-difference equations},
  author={Xu, Gui Qiong and Li, Zhi Bin},
  journal={Communications in Theoretical Physics},
  volume={43},
  number={3},
  pages={385--388},
  year={2005},
  publisher={IOP Publishing}
}

@article{chen2005extended,
  title={Extended Jacobi elliptic function rational expansion method and abundant families of Jacobi elliptic function solutions to (1+ 1)-dimensional dispersive long wave equation},
  author={Chen, Yong and Wang, Qi},
  journal={Chaos, Solitons \& Fractals},
  volume={24},
  number={3},
  pages={745--757},
  year={2005},
  publisher={Elsevier}
}

@article{abdou2007construction,
  title={Construction of periodic and solitary wave solutions by the extended Jacobi elliptic function expansion method},
  author={Abdou, M A and Elhanbaly, A},
  journal={Communications in Nonlinear Science and Numerical Simulation},
  volume={12},
  number={7},
  pages={1229--1241},
  year={2007},
  publisher={Elsevier}
}

@article{bhrawy2013cnoidal,
  title={Cnoidal and snoidal wave solutions to coupled nonlinear wave equations by the extended Jacobi's elliptic function method},
  author={Bhrawy, A H and Abdelkawy, M A and Biswas, Anjan},
  journal={Communications in Nonlinear Science and Numerical Simulation},
  volume={18},
  number={4},
  pages={915--925},
  year={2013},
  publisher={Elsevier}
}

@article{hirota1973exact,
  title={Exact N-soliton solutions of the wave equation of long waves in shallow-water and in nonlinear lattices},
  author={Hirota, Ryogo},
  journal={Journal of Mathematical Physics},
  volume={14},
  number={7},
  pages={810--814},
  year={1973},
  publisher={AIP}
}

@article{hirota1983resonance,
  title={Resonance of solitons in one dimension},
  author={Hirota, Ryogo and Ito, Masaaki},
  journal={Journal of the Physical Society of Japan},
  volume={52},
  number={3},
  pages={744--748},
  year={1983},
  publisher={The Physical Society of Japan}
}

@article{hietarinta1990multidromion,
  title={Multidromion solutions to the Davey-Stewartson equation},
  author={Hietarinta, Jarmo and Hirota, Ryogo},
  journal={Physics Letters A},
  volume={145},
  number={5},
  pages={237--244},
  year={1990},
  publisher={Elsevier}
}

@article{gilson1996combinatorics,
  title={On the combinatorics of the Hirota D-operators},
  author={Gilson, C and Lambert, Franklin and Nimmo, J and Willox, R},
  journal={Proceedings of the Royal Society of London. Series A: Mathematical, Physical and Engineering Sciences},
  volume={452},
  number={1945},
  pages={223--234},
  year={1996},
  publisher={The Royal Society London}
}

@article{lambert1997construction,
  title={Construction of B{\"a}cklund transformations with binary Bell polynomials},
  author={Lambert, Franklin and Springael, Johan},
  journal={Journal of the Physical Society of Japan},
  volume={66},
  number={8},
  pages={2211--2213},
  year={1997},
  publisher={The Physical Society of Japan}
}

@article{fan2011new,
  title={New Bilinear B{\"a}cklund Transformation and Lax Pair for the Supersymmetric Two-Boson Equation},
  author={Fan, En Gui},
  journal={Studies in Applied Mathematics},
  volume={127},
  number={3},
  pages={284--301},
  year={2011},
  publisher={Wiley Online Library}
}

@article{hu2002application,
  title={Application of Hirota's bilinear formalism to the Toeplitz lattice—some special soliton-like solutions},
  author={Hu, Xing Biao and Ma, Wen Xiu},
  journal={Physics Letters A},
  volume={293},
  number={3-4},
  pages={161--165},
  year={2002},
  publisher={Elsevier}
}

@article{chen2002novel,
  title={The novel multi-soliton solutions of the MKdV-sine Gordon equations},
  author={Chen, Deng Yuan and Zhang, Da Jun and Deng, Shu Fang},
  journal={Journal of the Physical Society of Japan},
  volume={71},
  number={2},
  pages={658--659},
  year={2002},
  publisher={The Physical Society of Japan}
}

@article{zhang2003n,
  title={The N-soliton solutions of the sine-Gordon equation with self-consistent sources},
  author={Zhang, Da Jun and Chen, Deng Yuan},
  journal={Physica A: Statistical Mechanics and its Applications},
  volume={321},
  number={3-4},
  pages={467--481},
  year={2003},
  publisher={Elsevier}
}

@article{ma2015lump,
  title={Lump solutions to the Kadomtsev--Petviashvili equation},
  author={Ma, Wen Xiu},
  journal={Physics Letters A},
  volume={379},
  number={36},
  pages={1975--1978},
  year={2015},
  publisher={Elsevier}
}

@article{sun2018general,
  title={General high--order breathers and rogue waves in the (3+1)-dimensional KP--Boussinesq equation},
  author={Sun, Bao Nan and Wazwaz, Abdul Majid},
  journal={Communications in Nonlinear Science and Numerical Simulation},
  volume={64},
  pages={1--13},
  year={2018},
  publisher={Elsevier}
}

@article{zhaqilao2018symbolic,
  title={A symbolic computation approach to constructing rogue waves with a controllable center in the nonlinear systems},
  author={Zhaqilao},
  journal={Computers \& Mathematics with Applications},
  volume={75},
  number={9},
  pages={3331--3342},
  year={2018}
}

@book{hereman1992symbolic,
  title={Symbolic computation of solitons with Macsyma},
  author={Hereman, Willy and Zhuang, Wu Ning},
  year={1992},
  publisher={Department of Mathematical and Computer Sciences, Colorado School of Mines},
  address={USA}
}

@inproceedings{hereman1991macsyma,
  title={A MACSYMA program for the Hirota method},
  author={Hereman, Willy and Zhuang, Wu Ning and Fishman, Presented Louis},
  booktitle={In 13th World Congress on Computation and Applied Mathematics, I MACS'91},
  year={1991},
  organization={Citeseer}
}

@phdthesis{zhou2012,
  title={可积系统孤子解的符号计算研究},
  author={周振江},
  year={2012},
  school={华东师范大学},
  address={上海}
}

@phdthesis{yang2011,
  title={可积系统与混沌系统中若干问题的符号计算研究},
  author={杨云青},
  year={2011},
  school={华东师范大学},
  address={上海}
}

@article{miao2014pdebellii,
  title={PDEBellII: A Maple package for finding bilinear forms, bilinear B{\"a}cklund transformations, Lax pairs and conservation laws of the KdV-type equations},
  author={Miao, Qian and Wang, Yun Hu and Chen, Yong and Yang, Yun Qing},
  journal={Computer Physics Communications},
  volume={185},
  number={1},
  pages={357--367},
  year={2014},
  publisher={Elsevier}
}

@article{Abramov1989polynomial,
	title={Problems of computer algebra involved in the search for polynomial solutions of linear differential and difference equations},
	author={Abramov, S A},
	journal={Moscow University Computational Mathematics and Cybernetics},
	year={1989},
	volume={3},
	pages={63--68}
}

@article{Abramov1989rational,
	title={Rational solutions of linear differential and difference equations with polynomial coefficients},
	author={Abramov, S A},
	journal={USSR Computational Mathematics and Mathematical Physics},
	volume={29},
	number={6},
	pages={7--12},
	year={1989},
	publisher={Elsevier}
}

@article{petkovvsek1992hypergeometric,
	title={Hypergeometric solutions of linear recurrences with polynomial coefficients},
	author={Petkov{\v{s}}ek, Marko},
	journal={Journal of Symbolic Computation},
	volume={14},
	number={2--3},
	pages={243--264},
	year={1992},
	publisher={Academic Press}
}

@inproceedings{abramov1994dAlembertian,
	title={D'Alembertian solutions of linear differential and difference equations},
	author={Abramov, S A and Petkov{\v{s}}ek, Marko},
	booktitle={Proceedings of the 1994 International Symposium on Symbolic and Algebraic Computation},
	pages={169--174},
	year={1994},
	organization={ACM}
}

@article{hendricks1999Liouvillian,
	title={Solving difference equations in finite terms},
	author={Hendricks, Peter A and Singer, Michael F},
	journal={Journal of Symbolic Computation},
	volume={27},
	number={3},
	pages={239--259},
	year={1999},
	publisher={Elsevier}
}

@inproceedings{Abramov1995polynomial,
	title={On polynomial solutions of linear operator equations},
	author={Abramov, S A and Bronstein, Manuel and Petkov{\v{s}}ek, Marko},
	booktitle={Proceedings of the 1995 International Symposium on Symbolic and Algebraic Computation},
	pages={290--296},
	year={1995},
	organization={ACM}
}

@inproceedings{Abramov1995Rational,
	title={Rational solutions of linear difference and q-difference equations with polynomial coefficients},
	author={Abramov, S A},
	booktitle={Proceedings of the 1995 International Symposium on Symbolic and Algebraic Computation},
	pages={285--289},
	year={1995},
	organization={ACM}
}

@article{ud2007,
	title={Improved universal denominators},
	author={Abramov, S A and Polyakov, S P},
	journal={Programming and Computer Software},
	volume={33},
	number={3},
	pages={132--138},
	year={2007},
	publisher={Springer}
}

@inproceedings{ud2010,
	title={Factorization of polynomials and gcd computations for finding universal denominators},
	author={Abramov, S A and Gheffar, Amel and Khmelnov, D E},
	booktitle={International Workshop on Computer Algebra in Scientific Computing},
	pages={4--18},
	year={2010},
	organization={Springer}
}

@article{ud2011,
	title={Rational solutions of linear difference equations: Universal denominators and denominator bounds},
	author={Abramov, S A and Gheffar, Amel and Khmelnov, D E},
	journal={Programming and Computer Software},
	volume={37},
	number={2},
	pages={78--86},
	year={2011},
	publisher={SP MAIK Nauka/Interperiodica}
}

@article{ud2012,
	title={Denominators of rational solutions of linear difference systems of an arbitrary order},
	author={Abramov, S A and Khmelnov, D E},
	journal={Programming and Computer Software},
	volume={38},
	number={2},
	pages={84--91},
	year={2012},
	publisher={SP MAIK Nauka/Interperiodica}
}

@article{chen2011some,
  title={Some results on difference Riccati equations},
  author={Chen, Zong Xuan and Shon, Kwang Ho},
  journal={Acta Mathematica Sinica, English Series},
  volume={27},
  number={6},
  pages={1091--1100},
  year={2011},
  publisher={Springer}
}

@Article{ishizaki2011difference,
  author={Ishizaki, Katsuya},
  title={On difference Riccati equations and second order linear difference equations},
  journal={Aequationes Mathematicae},
  year={2011},
  volume={81},
  number={1-2},
  pages={185--198},
  publisher={Springer},
}

@phdthesis{wang2013phd,
  title={基于符号计算的可积系统的若干问题研究},
  author={王云虎},
  year={2013},
  school={华东师范大学},
  address={上海}
}

@masterthesis{miao2014,
  title={对称优化和Bell多项式的程序算法},
  author={苗倩},
  year={2014},
  school={华东师范大学},
  address={上海}
}

@article{slagle1963,
  author={Slagle, James R},
  title={A heuristic program that solves symbolic integration problems in freshman calculus},
  journal={Journal of the ACM},
  volume={10},
  number={4},
  year={1963},
  issn={0004-5411},
  pages={507--520},
  publisher={ACM}
}

@phdthesis{moses1967,
  title={Symbolic integration},
  author={Moses, Joel},
  school={Massachusetts Institute of Technology},
  address={USA},
  year={1967}
}

@article{risch1969,
  title={The problem of integration in finite terms},
  author={Risch, Robert H},
  journal={Transactions of the American Mathematical Society},
  volume={139},
  pages={167--189},
  year={1969},
  publisher={JSTOR},
}

@article{risch1970,
  title={The solution of the problem of integration in finite terms},
  author={Risch, Robert H},
  journal={Bulletin of the American Mathematical Society},
  volume={76},
  number={3},
  pages={605--608},
  year={1970}
}

@article{moses1971,
  title={Symbolic integration: the stormy decade},
  author={Moses, Joel},
  journal={Communications of the ACM},
  volume={14},
  number={8},
  pages={548--560},
  year={1971},
  publisher={ACM},
}

@article{bronstein1990,
  title={Integration of elementary functions},
  author={Bronstein, Manuel},
  journal={Journal of Symbolic Computation},
  volume={9},
  number={2},
  pages={117--173},
  year={1990},
  publisher={Elsevier},
}

@article{cherry1985,
  title={Integration in finite terms with special functions: the error function},
  author={Cherry, Guy W},
  journal={Journal of Symbolic Computation},
  volume={1},
  number={3},
  pages={283--302},
  year={1985},
  publisher={Elsevier},
}

@article{cherry1986,
  title={Integration in finite terms with special functions: the logarithmic integral},
  author={Cherry, Guy W},
  journal={SIAM Journal on Computing},
  volume={15},
  number={1},
  pages={1--21},
  year={1986},
  publisher={SIAM},
}

@inproceedings{bertrand1994,
  title={On the implementation of a new algorithm for the computation of hyperelliptic integrals},
  author={Bertrand, Laurent},
  booktitle={Proceedings of the 1994 International Symposium on Symbolic and Algebraic Computation},
  pages={211--215},
  year={1994},
  organization={ACM},
}

@inproceedings{jeffrey1997,
  title={Integration of the signum, piecewise and related functions},
  author={Jeffrey, DJ and Labahn, G and Mohrenschildt, M v. and  Rich, A D},
  booktitle={Proceedings of the 1997 International Symposium on Symbolic and Algebraic Computation},
  pages={324--330},
  year={1997},
  organization={ACM},
}

@inproceedings{paule2012,
  title={Relativistic coulomb integrals and Zeilberger's holonomic systems approach II},
  author={Koutschan, Christoph and Paule, Peter and Suslov, Sergei K},
  booktitle={International Meeting on Algebraic and Algorithmic Aspects of Differential and Integral Operators},
  pages={135--145},
  year={2012},
  organization={Springer}
}

@incollection{paule2013,
  title={Relativistic Coulomb integrals and Zeilberger's holonomic systems approach. I},
  author={Paule, Peter and Suslov, Sergei K},
  booktitle={Computer Algebra in Quantum Field Theory},
  pages={225--241},
  year={2013},
  publisher={Springer},
  address={Vienna}
}

@article{blumlein2012,
  title={A symbolic summation approach to Feynman integral calculus},
  author={Bl{\"u}mlein, Johannes and Klein, Sebastian and Schneider, Carsten and Stan, Flavia},
  journal={Journal of Symbolic Computation},
  volume={47},
  number={10},
  pages={1267--1289},
  year={2012},
  publisher={Elsevier},
}

@article{smirnov2015,
  title={FIRE5: a {C++} implementation of Feynman Integral REduction},
  author={Smirnov, Alexander V},
  journal={Computer Physics Communications},
  volume={189},
  pages={182--191},
  year={2015},
  publisher={Elsevier},
}

@inproceedings{raab2016,
  title={Symbolic Computation of Parameter Integrals},
  author={Raab, Clemens G},
  booktitle={Proceedings of the 2016 International Symposium on Symbolic and Algebraic Computation},
  pages={13--15},
  year={2016},
  organization={ACM},
}

@article{deconinck2009,
  title={Symbolic integration using homotopy methods},
  author={Deconinck, Bernard and Nivala, Michael},
  journal={Mathematics and Computers in Simulation},
  volume={80},
  number={4},
  pages={825--836},
  year={2009},
  publisher={Elsevier},
}

@article{poole2010,
  title={The homotopy operator method for symbolic integration by parts and inversion of divergences with applications},
  author={Poole, Douglas and Hereman, Willy},
  journal={Applicable Analysis},
  volume={89},
  number={4},
  pages={433--455},
  year={2010},
  publisher={Taylor \& Francis},
}

@article{poole2011,
  title={Symbolic computation of conservation laws for nonlinear partial differential equations in multiple space dimensions},
  author={Poole, Douglas and Hereman, Willy},
  journal={Journal of Symbolic Computation},
  volume={46},
  number={12},
  pages={1355--1377},
  year={2011},
  publisher={Elsevier},
}

@article{conte1989invariant,
  title={Invariant Painlev{\'e} analysis of partial differential equations},
  author={Conte, Robert},
  journal={Physics Letters A},
  volume={140},
  number={7-8},
  pages={383--390},
  year={1989},
  publisher={Elsevier}
}

@article{pickering1993new,
  title={A new truncation in Painlev{\'e} analysis},
  author={Pickering, A},
  journal={Journal of Physics A: Mathematical and General},
  volume={26},
  number={17},
  pages={4395--4405},
  year={1993},
  publisher={IOP Publishing}
}

@article{lou1998extended,
  title={Extended Painlev{\'e} expansion, nonstandard truncation and special reductions of nonlinear evolution equations},
  author={Lou, Sen Yue},
  journal={Zeitschrift f{\"u}r Naturforschung A},
  volume={53},
  number={5},
  pages={251--258},
  year={1998},
  publisher={Verlag der Zeitschrift f{\"u}r Naturforschung}
}

@article{rand1986odepainleve,
  title={Odepainleve-A Macsyma package for Painlev{\'e} analysis of ordinary differential equations},
  author={Rand, D W and Winternitz, Pavel},
  journal={Computer Physics Communications},
  volume={42},
  number={3},
  pages={359--383},
  year={1986},
  publisher={Elsevier}
}

@article{renner1992constructive,
  title={A constructive REDUCE package based upon the Painlev{\'e} analysis of nonlinear evolutions equations in Hamiltonian and/or normal form},
  author={Renner, Friedrich},
  journal={Computer Physics Communications},
  volume={70},
  number={2},
  pages={409--416},
  year={1992},
  publisher={Elsevier}
}

@Article{scheen1997implementation,
  author={Scheen, Christian},
  title={Implementation of the Painlev{\'e} test for ordinary differential systems},
  journal={Theoretical Computer Science},
  year={1997},
  volume={187},
  number={1-2},
  pages={87--104},
  publisher={Elsevier},
}

@techreport{hereman1989painleve,
  title={The Painlev{\'e} test for nonlinear ordinary and partial differential equations},
  author={Hereman, Willy and Angenent, Sigurd},
  year={1989},
  institution={Wisconsin Univ-madison Center For Mathematical Sciences},
  address={Wisconsin}
}

@article{hereman1998algorithmic,
  title={Algorithmic integrability tests for nonlinear differential and lattice equations},
  author={Hereman, Willy and G{\"o}kta{\c{s}}, {\"U}nal and Colagrosso, Michael D and Miller, Antonio J},
  journal={Computer Physics Communications},
  volume={115},
  number={2-3},
  pages={428--446},
  year={1998},
  publisher={Elsevier}
}

@phdthesis{baldwin2004symbolic,
  title={Symbolic algorithms and software for the Painlev{\'e} test and recursion operators for nonlinear partial differential equations},
  author={Baldwin, Douglas},
  year={2004},
  school={Colorado School of Mines Golden},
  address={Colorado}
}

@article{baldwin2006symbolic,
  title={Symbolic software for the Painlev{\'e} test of nonlinear ordinary and partial differential equations},
  author={Baldwin, Douglas and Hereman, Willy},
  journal={Journal of Nonlinear Mathematical Physics},
  volume={13},
  number={1},
  pages={90--110},
  year={2006},
  publisher={Taylor \& Francis}
}

@article{xu2004symbolic,
  title={Symbolic computation of the Painleve test for nonlinear partial differential equations using Maple},
  author={Xu, Gui Qiong and Li, Zhi Bin},
  journal={Computer Physics Communications},
  volume={161},
  number={1-2},
  pages={65--75},
  year={2004},
  publisher={Elsevier}
}

@Article{xu2005pdeptest,
  author={Xu, Gui Qiong and Li, Zhi Bin},
  title={PDEPtest: a package for the Painlev{\'e} test of nonlinear partial differential equations},
  journal={Applied Mathematics and Computation},
  year={2005},
  volume={169},
  number={2},
  pages={1364--1379},
  publisher={Elsevier},
}

@phdthesis{xuPHD,
  title={非线性演化方程的精确解与可积性及其符号计算研究},
  author={徐桂琼},
  year={2004},
  school={华东师范大学},
  address={上海}
}

@masterthesis{zhaoMST,
  title={Painlev{\'e} 测试及其符号计算研究},
  author={赵银龙},
  year={2010},
  school={华东师范大学},
  address={上海}
}

@book{wu1984,
  title={几何定理机械证明的基本原理},
  author={吴文俊},
  year={1984},
  publisher={山东教育出版社},
  address={济南}
}

@article{wu1985,
  title={关于代数方程组的零点 -- Ritt 原理的一个应用},
  author={吴文俊},
  journal={科学通报},
  volume={30},
  number={30},
  pages={881--883},
  year={1985}
}

@phdthesis{kalkbrener1991three,
  title={Three contributions to elimination theory},
  author={Kalkbrener, Michael},
  year={1991},
  school={University of Linz},
  address={Austria}
}

@InProceedings{lu1994searching,
  author={Lu, Yang},
  title={Searching dependency between algebraic equations: an algorithm applied to automated reasoning},
  booktitle={Artificial Intelligence in Mathematics},
  year={1994},
  pages={147--156},
  organization={Oxford University Press, Inc.},
}

@book{adams1994introduction,
  title={An introduction to Gr{\"o}bner bases},
  author={Adams, William Wells and Loustaunau, Philippe},
  number={3},
  year={1994},
  publisher={American Mathematical Society},
  address={USA}
}

@incollection{wang1995implementation,
  title={An implementation of the characteristic set method in Maple},
  author={Wang, Dong Ming},
  booktitle={Automated Practical Reasoning},
  pages={187--201},
  year={1995},
  publisher={Springer},
  address={Vienna}
}

@article{wsolve,
  title={On Software Development of Characteristic Set Method},
  author={Wu, Y W and Wang, Ding Kang and Yang, Hong and Lin, D D},
  journal={Journal of Systems Science and Systems Engineering},
  volume={11},
  number={3},
  pages={371--379},
  year={2002},
  publisher={International Academic Publishers}
}

@inproceedings{maza2000triangular,
  title={On triangular decompositions of algebraic varieties},
  author={Maza, M Moreno},
  year={2000},
  booktitle={MEGA-2000 Conference}
}

@inproceedings{buchberger1970algorithmic,
  title={An algorithmic criterion for the solvability of a system of algebraic equations},
  author={Buchberger, Bruno},
  booktitle={Groebner Bases and Applications (Proc. of the Conf. 33 Years of Groebner Bases)},
  pages={535--545},
  year={1970}
}

@article{faugere1999new,
  title={A new efficient algorithm for computing Gr{\"o}bner bases (F4)},
  author={Faug{\`e}re, Jean Charles},
  journal={Journal of pure and applied algebra},
  volume={139},
  number={1-3},
  pages={61--88},
  year={1999},
  publisher={Elsevier}
}

@inproceedings{faugere2002new,
  title={A new efficient algorithm for computing Gr{\"o}bner bases without reduction to zero (F5)},
  author={Faug{\`e}re, Jean Charles},
  booktitle={Proceedings of the 2002 International Symposium on Symbolic and Algebraic Computation},
  pages={75--83},
  year={2002},
  organization={ACM}
}

@article{sahni1996master,
  title={The master-slave paradigm in parallel computer and industrial settings},
  author={Sahni, Sartaj and Vairaktarakis, George},
  journal={Journal of Global Optimization},
  volume={9},
  number={3-4},
  pages={357--377},
  year={1996},
  publisher={Springer}
}

@inproceedings{ellson2001graphviz,
  title={Graphviz—open source graph drawing tools},
  author={Ellson, John and Gansner, Emden and Koutsofios, Lefteris and North, Stephen C and Woodhull, Gordon},
  booktitle={International Symposium on Graph Drawing},
  pages={483--484},
  year={2001},
  organization={Springer}
}

@article{may1976simple,
	title={Simple mathematical models with very complicated dynamics},
	author={May, Robert M},
	journal={Nature},
	volume={261},
	number={5560},
	pages={459--467},
	year={1976},
	publisher={Nature Publishing Group}
}

@book{bittanti2012riccati,
	title={The Riccati Equation},
	author={Bittanti, Sergio and Laub, Alan J and Willems, Jan C},
	year={2012},
	publisher={Springer Science \& Business Media},
  address={Germany}
}

@article{guo1991analytic,
  title={Analytic solutions of the Fisher equation},
  author={Guo, Ben Yu and Chen, Zhi Xiong},
  journal={Journal of Physics A: Mathematical and General},
  volume={24},
  number={3},
  pages={645--650},
  year={1991},
  publisher={IOP Publishing}
}

@article{duffy1996travelling,
  title={Travelling solitary wave solutions to a seventh-order generalized KdV equation},
  author={Duffy, B R and Parkes, E J},
  journal={Physics Letters A},
  volume={214},
  number={5-6},
  pages={271--272},
  year={1996},
  publisher={Elsevier}
}

@inbook{L1_regression,
  title={Linear Programming: Foundations and Extensions},
  author={Robert J Vanderbei},
  year={2008},
  publisher={Springer},
  address={USA},
  pages={195--196}
}

@article{soplex,
  title={Iterative refinement for linear programming},
  author={Gleixner, Ambros M and Steffy, Daniel E and Wolter, Kati},
  journal={INFORMS Journal on Computing},
  volume={28},
  number={3},
  pages={449--464},
  year={2016},
  publisher={INFORMS}
}

@article{qsoptex,
  title={Exact solutions to linear programming problems},
  author={Applegate, David L and Cook, William and Dash, Sanjeeb and Espinoza, Daniel G},
  journal={Operations Research Letters},
  volume={35},
  number={6},
  pages={693--699},
  year={2007},
  publisher={Elsevier}
}

@book{wolsey1998integer,
  title={Integer programming},
  author={Wolsey, Laurence A},
  year={1998},
  publisher={Wiley},
  address={USA}
}

@article{preLP1995,
  title={Presolving in linear programming},
  author={Andersen, Erling D and Andersen, Knud D},
  journal={Mathematical Programming},
  volume={71},
  number={2},
  pages={221--245},
  year={1995},
  publisher={Springer},
}

@article{preLP2003,
  title={Advanced preprocessing techniques for linear and quadratic programming},
  author={M{\'e}sz{\'a}ros, C S and Suhl, U H},
  journal={OR Spectrum},
  volume={25},
  number={4},
  pages={575--595},
  year={2003},
  publisher={Springer},
}

@article{preMILP1994,
  title={Preprocessing and probing techniques for mixed integer programming problems},
  author={Savelsbergh, Martin WP},
  journal={ORSA Journal on Computing},
  volume={6},
  number={4},
  pages={445--454},
  year={1994},
  publisher={INFORMS},
}

@article{cut2008,
  title={Valid inequalities for mixed integer linear programs},
  author={Cornu{\'e}jols, G{\'e}rard},
  journal={Mathematical Programming},
  volume={112},
  number={1},
  pages={3--44},
  year={2008},
  publisher={Springer},
}

@article{Heuristics2005,
  title={Exploring relaxation induced neighborhoods to improve MIP solutions},
  author={Danna, Emilie and Rothberg, Edward and Le Pape, Claude},
  journal={Mathematical Programming},
  volume={102},
  number={1},
  pages={71--90},
  year={2005},
  publisher={Springer},
}

@masterthesis{berthold2006primal,
  author={Berthold, Timo},
  title={Primal heuristics for mixed integer programs},
  school={Technical University of Berlin},
  year={2006},
  address={Berlin}
}
