% NLEE 流体力学
@article{matsuno1993unified,
  title={A unified theory of nonlinear wave propagation in two-layer fluid systems},
  author={Matsuno, Yoshimasa},
  journal={Journal of the Physical Society of Japan},
  volume={62},
  number={6},
  pages={1902--1916},
  year={1993},
  publisher={The Physical Society of Japan}
}

@book{liu2012book,
  title={大气动力学},
  author={刘式适 and 刘式达},
  address={北京},
  publisher={北京大学出版社},
  year={2011}
}

@book{liu2012book,
  title={物理学中的非线性方程},
  author={刘式适 and 刘式达},
  address={北京},
  publisher={北京大学出版社},
  year={2012}
}

% 信息论
@article{xing2001wuli,
  title={物理熵, 信息熵及其演化方程},
  author={邢修三},
  journal={中国科学(A辑)},
  year={2001},
  pages={77--84},
  number={1}
}

@article{ruan2002liangzi,
  title={量子色动力学演化方程中的高扭度效应},
  author={阮建红 and 薛迅 and 朱伟},
  journal={物理学报},
  volume={51},
  number={6},
  pages={1214--1220},
  year={2002}
}

@article{jia2011ni,
  title={泥岩渗流-应力耦合蠕变损伤模型研究 (Ⅰ): 理论模型},
  author={贾善坡 and 陈卫忠 and 于洪丹 and 李香玲},
  journal={岩土力学},
  volume={32},
  number={9},
  pages={2596--2602},
  year={2011}
}

@article{hao2002ci,
  title={磁绝缘传输线振荡器中辐射场的非线性行为},
  author={郝建红 and 丁武},
  journal={强激光与粒子束},
  volume={14},
  number={5},
  year={2002},
  pages={743--748}
}

@article{guo1991guang,
  title={包含高阶摄动项的光学孤子演化方程的严格推导},
  author={郭旗 and 周国生 and 林为千},
  journal={中国科学(A辑)},
  volume={1},
  pages={200--209},
  year={1991}
}

@article{cheng2017lump,
  title={Lump-type solutions for the (4+1)-dimensional Fokas equation via symbolic computations},
  author={Cheng, Li and Zhang, Yi},
  journal={Modern Physics Letters B},
  volume={31},
  number={25},
  pages={1750224},
  year={2017},
  publisher={World Scientific}
}

@article{el2007modified,
  title={Modified extended tanh-function method for solving nonlinear partial differential equations},
  author={El-Wakil, S A and Abdou, M A},
  journal={Chaos, Solitons \& Fractals},
  volume={31},
  number={5},
  pages={1256--1264},
  year={2007},
  publisher={Elsevier}
}

@article{eslami2014exact,
  title={Exact solutions of modified Zakharov--Kuznetsov equation by the homogeneous balance method},
  author={Eslami, M and Mirzazadeh, M and others},
  journal={Ain Shams Engineering Journal},
  volume={5},
  number={1},
  pages={221--225},
  year={2014},
  publisher={Elsevier}
}

@article{fan2002generalized,
  title={Generalized tanh method extended to special types of nonlinear equations},
  author={Fan, En Gui and Hona, Y C},
  journal={Zeitschrift f{\"u}r Naturforschung A},
  volume={57},
  number={8},
  pages={692--700},
  year={2002},
  publisher={Verlag der Zeitschrift f{\"u}r Naturforschung}
}

@article{fan2003applications,
  title={Applications of extended tanh method to ‘special’types of nonlinear equations},
  author={Fan, En Gui and Hona, Y C},
  journal={Applied Mathematics and Computation},
  volume={141},
  number={2-3},
  pages={351--358},
  year={2003},
  publisher={Elsevier}
}

@article{feng2004comment,
  title={Comment on “On the extended applications of homogeneous balance method”},
  author={Feng, Zhao Sheng},
  journal={Applied Mathematics and Computation},
  volume={158},
  number={2},
  pages={593--596},
  year={2004},
  publisher={Elsevier}
}

@article{geng2003algebraic,
  title={Algebraic-geometrical solutions of some multidimensional nonlinear evolution equations},
  author={Geng, Xianguo},
  journal={Journal of Physics A: Mathematical and General},
  volume={36},
  number={9},
  pages={2289--2303},
  year={2003},
  publisher={IOP Publishing}
}

@article{geng2007n,
  title={N-soliton solution and its Wronskian form of a (3+1)-dimensional nonlinear evolution equation},
  author={Geng, Xianguo and Ma, Yun Ling},
  journal={Physics Letters A},
  volume={369},
  number={4},
  pages={285--289},
  year={2007},
  publisher={Elsevier}
}

@program{gurobi,
  author={Gurobi Optimization},
  title={Gurobi Optimizer Reference Manual},
  year={2018},
  url={http://www.gurobi.com}
}

@article{hbm1998b,
  title={长水波近似方程的多孤子解},
  author={张解放},
  journal={物理学报},
  volume={47},
  number={9},
  pages={1416--1420},
  year={1998}
}

@article{hbm1999,
  title={齐次平衡法若干新的应用},
  author={范恩贵 and 张鸿庆},
  journal={数学物理学报},
  volume={19},
  number={3},
  pages={286--292},
  year={1999}
}

@article{hereman1991exact,
  title={Exact solitary wave solutions of coupled nonlinear evolution equations using MACSYMA},
  author={Hereman, Willy},
  journal={Computer Physics Communications},
  volume={65},
  number={1-3},
  pages={143--150},
  year={1991},
  publisher={Elsevier}
}

@article{hirota2003vector,
  title={A vector potential KdV equation and vector Ito equation: soliton solutions, bilinear B{\"a}cklund transformations and Lax pairs},
  author={Hirota, Ryogo and Hu, Xing Biao and Tang, Xiao Yan},
  journal={Journal of Mathematical Analysis and Applications},
  volume={288},
  number={1},
  pages={326--348},
  year={2003},
  publisher={Academic Press}
}

@article{hu1999soliton,
  title={Soliton solutions to the Jimbo--Miwa equations and the Fordy--Gibbons--Jimbo--Miwa equation},
  author={Hu, Xing Biao and Wang, Dao Liu and Tam, Hon-Wah and Xue, Wei Min},
  journal={Physics Letters A},
  volume={262},
  number={4-5},
  pages={310--320},
  year={1999},
  publisher={Elsevier}
}

@Article{imai1997dromion,
  author={Imai, Kenji},
  title={Dromion and lump solutions of the Ishimori-I equation},
  journal={Progress of Theoretical Physics},
  year={1997},
  volume={98},
  number={5},
  pages={1013--1023},
  publisher={Oxford University Press},
}

@article{lambert2008soliton,
  title={Soliton equations and simple combinatorics},
  author={Lambert, Franklin and Springael, Johan},
  journal={Acta Applicandae Mathematicae},
  volume={102},
  number={2-3},
  pages={147--178},
  year={2008},
  publisher={Springer}
}

@inproceedings{li2007method,
  title={A method and its implementation for constructing B{\"a}cklund transformations to nonlinear evolution equations},
  author={Li, Zhi Bin and Liu, Yin Ping and Qian, Hai Feng},
  booktitle={Asian Symposium on Computer Mathematics},
  pages={188--198},
  year={2007},
  organization={Springer}
}

@inbook{li_book_2007,
  title={非线性数学物理方程的行波解},
  author={李志斌},
  year={2007},
  publisher={科学出版社},
  address={北京},
  pages={96--97}
}

@article{ling2018general,
  title={General soliton solutions to a coupled Fokas--Lenells equation},
  author={Ling, Li Ming and Feng, Bao Feng and Zhu, Zuo Nong},
  journal={Nonlinear Analysis: Real World Applications},
  volume={40},
  pages={185--214},
  year={2018},
  publisher={Elsevier}
}

@article{lou1997non,
  title={Non-local symmetries via Darboux transformations},
  author={Lou, Sen Yue and Hu, Xing Biao},
  journal={Journal of Physics A: Mathematical and General},
  volume={30},
  number={5},
  pages={L95},
  year={1997},
  publisher={IOP Publishing}
}

@article{ma2011linear,
  title={Linear superposition principle applying to Hirota bilinear equations},
  author={Ma, Wen Xiu and Fan, En Gui},
  journal={Computers \& Mathematics with Applications},
  volume={61},
  number={4},
  pages={950--959},
  year={2011},
  publisher={Elsevier}
}

@inproceedings{ma2014verifying,
  title={Verifying the soliton solutions to the fifth order kdv equation by ordinary inverse scattering method},
  author={Ma, Chao and He, Jin Chun},
  booktitle={Advanced Materials Research},
  volume={1051},
  pages={1000--1003},
  year={2014},
  organization={Trans Tech Publ}
}

@article{makhankov1980computer,
  title={Computer experiments in soliton theory},
  author={Makhankov, Vladimir},
  journal={Computer Physics Communications},
  volume={21},
  number={1},
  pages={1--49},
  year={1980},
  publisher={Elsevier}
}

@article{malfliet1996tanha,
  title={The tanh method: I Exact solutions of nonlinear evolution and wave equations},
  author={Malfliet, Willy and Hereman, Willy},
  journal={Physica Scripta},
  volume={54},
  number={6},
  pages={563--568},
  year={1996},
  publisher={IOP Publishing}
}

@article{malfliet1996tanhb,
  title={The tanh method: II Perturbation technique for conservative systems},
  author={Malfliet, Willy and Hereman, Willy},
  journal={Physica Scripta},
  volume={54},
  number={6},
  pages={569--575},
  year={1996},
  publisher={IOP Publishing}
}

@article{malfliet2004tanh,
  title={The tanh method: a tool for solving certain classes of nonlinear evolution and wave equations},
  author={Malfliet, Willy},
  journal={Journal of Computational and Applied Mathematics},
  volume={164},
  pages={529--541},
  year={2004},
  publisher={Elsevier}
}

@book{maple_programming,
  title={Maple programming guide},
  author={Bernardin, Laurent},
  year={2016},
  publisher={Maplesoft Waterloo},
  address={Canada}
}

@article{parkes2002jacobi,
  title={The Jacobi elliptic-function method for finding periodic-wave solutions to nonlinear evolution equations},
  author={Parkes, E J and Duffy, B R and Abbott, P C},
  journal={Physics Letters A},
  volume={295},
  number={5-6},
  pages={280--286},
  year={2002}
}

@article{sun2017lump,
  title={Lump and lump--kink solutions of the (3+1)-dimensional Jimbo--Miwa and two extended Jimbo--Miwa equations},
  author={Sun, Hong Qian and Chen, Ai Hua},
  journal={Applied Mathematics Letters},
  volume={68},
  pages={55--61},
  year={2017},
  publisher={Elsevier}
}

@Article{villarroel1999discrete,
  author={Villarroel, Javier and Ablowitz, Mark J},
  title={On the discrete spectrum of the nonstationary Schr{\"o}dinger equation and multipole lumps of the Kadomtsev--Petviashvili I equation},
  journal={Communications in Mathematical Physics},
  year={1999},
  volume={207},
  number={1},
  pages={1--42},
  publisher={Springer},
}

@article{wang2005new,
  title={A new Jacobi elliptic function rational expansion method and its application to (1+1)-dimensional dispersive long wave equation},
  author={Wang, Qi and Chen, Yong and Zhang, Hong Qing},
  journal={Chaos, Solitons \& Fractals},
  volume={23},
  number={2},
  pages={477--483},
  year={2005},
  publisher={Elsevier}
}

@article{wazwaz2005tanha,
  title={The tanh method: exact solutions of the sine-Gordon and the sinh-Gordon equations},
  author={Wazwaz, Abdul Majid},
  journal={Applied Mathematics and Computation},
  volume={167},
  number={2},
  pages={1196--1210},
  year={2005},
  publisher={Elsevier}
}

@article{wazwaz2005tanhb,
  title={The tanh method for generalized forms of nonlinear heat conduction and Burgers--Fisher equations},
  author={Wazwaz, Abdul Majid},
  journal={Applied Mathematics and Computation},
  volume={169},
  number={1},
  pages={321--338},
  year={2005},
  publisher={Elsevier}
}

@article{wazwaz2007extended,
  title={The extended tanh method for abundant solitary wave solutions of nonlinear wave equations},
  author={Wazwaz, Abdul Majid},
  journal={Applied Mathematics and Computation},
  volume={187},
  number={2},
  pages={1131--1142},
  year={2007},
  publisher={Elsevier}
}

@article{wazwaz2008integrable,
  title={The integrable KdV6 equations: multiple soliton solutions and multiple singular soliton solutions},
  author={Wazwaz, Abdul Majid},
  journal={Applied Mathematics and Computation},
  volume={204},
  number={2},
  pages={963--972},
  year={2008},
  publisher={Elsevier}
}

@article{wazwaz2009multiple,
  title={Multiple soliton solutions and multiple singular soliton solutions for (2+1)-dimensional shallow water wave equations},
  author={Wazwaz, Abdul Majid},
  journal={Physics Letters A},
  volume={373},
  number={33},
  pages={2927--2930},
  year={2009},
  publisher={Elsevier}
}

@article{wazwaz2010multiple,
  title={Multiple-soliton solutions for extended shallow water wave equations},
  author={Wazwaz, Abdul Majid},
  journal={Studies in Mathematical Sciences},
  volume={1},
  number={1},
  pages={21--29},
  year={2010}
}

@article{wazwaz2012multiple,
  title={Multiple soliton solutions for three systems of broer--kaup--kupershmidt equations describing nonlinear and dispersive long gravity waves},
  author={Wazwaz, Abdul Majid},
  journal={Modern Physics Letters B},
  volume={26},
  number={20},
  pages={1250126},
  year={2012},
  publisher={World Scientific}
}

@article{wu2017rogue,
  title={Rogue waves and lump solutions for a (3+1)-dimensional generalized B-type Kadomtsev--Petviashvili equation in fluid mechanics},
  author={Wu, Xiao Yu and Tian, Bo and Chai, Han Peng and Sun, Yan},
  journal={Modern Physics Letters B},
  volume={31},
  number={22},
  pages={1750122},
  year={2017},
  publisher={World Scientific}
}

@article{xie2003algorithmic,
  title={An algorithmic method in Painleve analysis of PDE},
  author={Xie, Fu Ding and Chen, Yong},
  journal={Computer Physics Communications},
  volume={154},
  number={3},
  pages={197--204},
  year={2003},
  publisher={Elsevier}
}

@Article{yin2003automated,
  author={Liu, Yin Ping and Li, Zhi Bin},
  title={An automated algebraic method for finding a series of exact travelling wave solutions of nonlinear evolution equations},
  journal={Chinese Physics Letters},
  year={2003},
  volume={20},
  number={3},
  pages={317--320},
  publisher={IOP Publishing},
}

@article{zhang2003jacobi,
  title={Jacobi椭圆函数展开法的新应用},
  author={张善卿 and 李志斌},
  journal={物理学报},
  volume={52},
  number={5},
  pages={1066-1070},
  year={2003},
}

@masterthesis{zhang2014,
  title={非线性演化方程孤子解的符号计算研究},
  author={张丽},
  year={2014},
  school={华东师范大学},
  address={上海}
}

@article{zhang2014rogue,
  title={Rogue wave solutions for the coupled cubic--quintic nonlinear Schr{\"o}dinger equations in nonlinear optics},
  author={Zhang, Yan and Nie, Xian Jia and Zhaqilao},
  journal={Physics Letters A},
  volume={378},
  number={3},
  pages={191--197},
  year={2014},
  publisher={Elsevier}
}

@article{zhang2016bilinearization,
  title={Bilinearization and new multisoliton solutions for the (4+1)-dimensional Fokas equation},
  author={Zhang, Sheng and Tian, Chi and Qian, Wei Yi},
  journal={Pramana},
  volume={86},
  number={6},
  pages={1259--1267},
  year={2016},
  publisher={Springer}
}

@article{zhang2017lump,
  title={Lump solutions to the (2+1)-dimensional Sawada--Kotera equation},
  author={Zhang, Hai Qiang and Ma, Wen Xiu},
  journal={Nonlinear Dynamics},
  volume={87},
  number={4},
  pages={2305--2310},
  year={2017},
  publisher={Springer}
}

@masterthesis{zwq2016,
  author={赵文强},
  title={非线性演化方程若干种波解的自动推导研究},
  year={2014},
  school={华东师范大学},
  address={上海}
}

@article{gilson1990lump,
  title={Lump solutions of the BKP equation},
  author={Gilson, C and Nimmo, J},
  journal={Physics Letters A},
  volume={147},
  number={8-9},
  pages={472--476},
  year={1990},
  publisher={Elsevier}
}
